@incollection{NIPS2007_3203,
title = {Predictive Matrix-Variate t Models},
author = {Shenghuo Zhu and Yu, Kai and Yihong Gong},
booktitle = {Advances in Neural Information Processing Systems 20},
editor = {J. C. Platt and D. Koller and Y. Singer and S. T. Roweis},
pages = {1721--1728},
year = {2008},
publisher = {Curran Associates, Inc.},
url = {http://papers.nips.cc/paper/3203-predictive-matrix-variate-t-models.pdf}
}
@article{KIBRIA2006785,
title = "The matrix-t distribution and its applications in predictive inference",
journal = "Journal of Multivariate Analysis",
volume = "97",
number = "3",
pages = "785 - 795",
year = "2006",
note = "",
issn = "0047-259X",
doi = "http://dx.doi.org/10.1016/j.jmva.2005.08.001",
url = "http://www.sciencedirect.com/science/article/pii/S0047259X05001260",
author = "B.M. Golam Kibria",
keywords = "Elliptically contoured distribution",
keywords = "Matrix-",
keywords = "Multivariate linear model",
keywords = "Predictive distribution",
keywords = "Robustness",
keywords = "Spatial prediction",
keywords = "Tolerance region"
}
